@incollection{debuggersForProgrammingLanguages,
    author = {Aggarwal, S. K. and Kumar, M. S.},
    title = {Debuggers for Programming Languages},
    booktitle = {Compiler Design Handbook: Optimizations and Machine Code Generation},
    editor = {Srikant, Y. N. and Shankar, Priti},
    year = {2002},
    isbn = {084931240X},
    publisher = {CRC Press, Inc.},
    address = {USA},
    chapter = 9
}

@book{artOfDebugging,
    author = {Matloff, Norman and Salzman, Peter Jay},
    title = {The Art of Debugging with GDB, DDD, and Eclipse},
    year = {2008},
    isbn = {1593271743},
    publisher = {No Starch Press},
    address = {USA}
}

@book{javaInANutshell,
    author = {Evans, Benjamin J. and Flanagan, David},
    title = {Java in a Nutshell},
    year = {2014},
    isbn = {1449370829},
    publisher = {O'Reilly Media, Inc.},
    edition = {6th}
}

@book{jit,
    author = {Evans, Benjamin J. and Gough, James and Newland, Chris},
    title = {Optimizing Java: Practical Techniques for Improving JVM Application Performance},
    year = {2018},
    isbn = {1492025798},
    publisher = {O'Reilly Media, Inc.},
    edition = {1st}
}

@book{debuggingApplications,
    title={{Debugging Applications}},
    author={John Robbins},
    isbn={0735615365},
    year={2000},
    publisher={Microsoft Press}
}

@misc{gdb,
    title = {{GDB: The GNU Project Debugger}},
    note = {on-line at: \url{http://gcc.gnu.org/}},
    author = {Free Software Foundation}
}

@misc{msvd,
    title = {{Visual Studio Debugger}},
    note = {on-line at: \url{https://docs.microsoft.com/en-us/visualstudio/debugger/?view=vs-2019}},
    author = {Microsoft}
}

@misc{windbg,
    title = {{Getting started with WinDbg}},
    note = {on-line at: \url{https://docs.microsoft.com/en-us/windows-hardware/drivers/debugger/debugging-using-windbg-preview}},
    author = {Microsoft}
}

@misc{windbgx,
    title = {{Debugging Using WinDbg Preview}},
    note = {on-line at: \url{https://docs.microsoft.com/en-us/windows-hardware/drivers/debugger/debugging-using-windbg-preview}},
    author = {Microsoft}
}

@misc{ddd,
    title = {{DDD - Data Display Debugger}},
    note = {on-line at: \url{https://www.gnu.org/software/ddd/}},
    author = {Free Software Foundation}
}

@misc{gdbGui,
    title = {{GDB front ends and other tools}},
    note = {on-line at: \url{https://sourceware.org/gdb/wiki/GDB%20Front%20Ends}},
    author = {Free Software Foundation}
}

@misc{lldb,
    title = {{The LLDB Debugger}},
    note = {on-line at: \url{https://lldb.llvm.org/}},
    author = {The LLDB Team},
    year = {2007-2022}
}

@misc{swig,
    title = {{Welcome to SWIG}},
    note = {on-line at: \url{http://www.swig.org/}},
    author = {David M. Beazley}
}

@misc{android,
    title = {{Debug your app}},
    note = {on-line at: \url{https://developer.android.com/studio/debug}}
}

@misc{oracle,
    title = {{Documentation}},
    note = {on-line at: \url{https://docs.oracle.com/en/}},
    description = {Information about our products and services with targeted solutions, getting started guides, and content for advanced use cases.}
}

@misc{firstBug,
    title = {{World’s First Computer Bug}},
    note = {on-line at: \url{https://www.nationalgeographic.org/thisday/sep9/worlds-first-computer-bug/}},
    author = {National Geographic}
}

@misc{llvm,
    title = {{The LLVM Compiler Infrastructure}},
    note = {on-line at: \url{https://llvm.org/}},
    author = {llvm-admin team}
}

@misc{bashDB,
    title = {{BASH Debugger}},
    note = {on-line at: \url{http://bashdb.sourceforge.net/}}
}

@misc{tdd,
    title = {{Time Travel Debugging - Overview}},
    note = {on-line at: \url{https://docs.microsoft.com/en-us/windows-hardware/drivers/debugger/time-travel-debugging-overview}}
}

@misc{jsDevTools,
    title = {{Firefox Developer Tools}},
    note = {on-line at: \url{https://developer.mozilla.org/en-US/docs/Tools#debugging_the_browser}},
    author = {Mozilla and individual contributors},
    year = {2005-2021}
}

@misc{firefoxDebugger,
    title = {{The Firefox JavaScript Debugger}},
    note = {on-line at: \url{https://developer.mozilla.org/en-US/docs/Tools/Debugger}},
    author = {Mozilla and individual contributors},
    year = {2005-2021}
}

@manual{debuggingTechniques,
    title = {{Dinamička analiza}},
    author = {Milena Vujošević Janičić}, 
    organization = {Matematički fakultet, Univerzitet u Beogradu},
    note = {on-line at: \url{http://www.verifikacijasoftvera.matf.bg.ac.rs/vs/predavanja/03_dinamicka_analiza/03_dinamicka_analiza.pdf}}
}
